@STRING{Bf = {Bioinformatics}}

@Article{Jombart2008,
Author = {Jombart, T.},
Title = {{adegenet: a R package for the multivariate analysis of genetic markers}},
Journal = Bf,
Volume = {24},
Pages = {1403-1405},
Year = 2008}

@Article{Paradis2010,
Author = {Paradis, E.},
Title = {{pegas: an R package for population genetics with an integrated--modular approach}},
Journal = Bf,
Volume = {26},
Pages = {419-420},
Year = 2010}

@Article{Kamvar2014,
Author = {Kamvar, Z. N. and Tabima, J. F. and Gr√ºnwald, N. J.},
Title = {\textit{Poppr}: an {R} package for genetic analysis of populations with clonal, partially clonal, and/or sexual reproduction.},
Journal = {PeerJ},
Volume = {2},
Pages = {e281},
Url = {http://dx.doi.org/10.7717/peerj.281},
Year = 2014}

@Article{Haag2010,
Author = {Haag, T. and Santos, A. S. and Sana, D. A. and Morato, R. G. and Cullen, Jr, L. and Crawshaw, Jr, P. G. and De Angelo, C. and Di Bitetti, M. S. and Salzano, F. M. and Eizirik, E.},
Title = {The effect of habitat fragmentation on the genetic structure of a top predator: loss of diversity and high differentiation among remnant populations of Atlantic Forest jaguars (\textit{{P}anthera onca})},
Journal = {Molecular Ecology},
Volume = {22},
Pages = {4906-4921},
Year = 2010}
